@book{Tadejko2020,
   abstract = {Cognitive Services are cloud computing services available to help developers build intelligent applications based on Machine Learning (ML) methods with pre-trained models as a service. Machine Learning platforms are one of the fastest growing services of the cloud because ML and Artificial Intelligence (AI) platforms are available through diverse delivery models such as cognitive computing, automated machine learning, model management. Cognitive Computing is delivered as a set of APIs. Due to the nature of the technologies involved in ML ecosystems and Knowledge Hierarchy—Data, Information, Knowledge, Wisdom (DIKW) Pyramid, there is a natural overlap of a technologies and Knowledge Management (KM) processes. The modern architecture of software solutions can be developed with the use of a wide technology stack, including cloud computing technologies and Cognitive Services (CS). We can use a wide range of ML tools at all levels of the DIKW pyramid. In this paper, we propose a new CS based approach to build an architecture of Knowledge Management system. We have analyzed the possibilities of using CS at all levels of the DIKW pyramid. We discussed some of the relevant aspects of Cloud CS and ML in Knowledge Management context and possibilities implementation of Cognitive Services on knowledge processing.},
   author = {Pawel Tadejko},
   doi = {10.1007/978-3-030-34706-2_9},
   issn = {23674520},
   journal = {Lecture Notes on Data Engineering and Communications Technologies},
   pages = {169-190},
   publisher = {Springer Science and Business Media Deutschland GmbH},
   title = {Cloud cognitive services based on machine learning methods in architecture of modern knowledge management solutions},
   volume = {40},
   year = {2020},
}
@article{,
   abstract = {En un entorno académico, el surgimiento de nuevas tecnologías y la omnipresencia de Internet están brindando nuevas oportunidades para mejorar la eficiencia de los sistemas educativos al proporcionar a los estudiantes información instantánea sin necesidad de desplazarse, permitiendo ahorrar tiempo y trabajo humano a un bajo costo. El presente artículo tiene como objetivo principal implementar un prototipo de asistente virtual académico utilizando tecnologías cognitivas tipo chatbot (i.e. software de Inteligencia Artificial diseñado para realizar una serie de tareas de manera independiente y sin la ayuda de un humano), para el mejoramiento de la experiencia y tiempos de atención en el área de procesos académicos, para los estudiantes del Politécnico Colombiano Jaime Isaza Cadavid.},
   author = {Roberto A. Manjarrés-Betancur and Monica María Echeverri-Torres},
   doi = {10.33571/rpolitec.v16n31a7},
   issn = {1900-2351},
   issue = {31},
   journal = {Revista Politécnica},
   month = {5},
   pages = {85-95},
   publisher = {Politecnico Colombiano Jaime Isaza Cadavid},
   title = {Asistente virtual académico utilizando tecnologías cognitivas de procesamiento de lenguaje natural},
   volume = {16},
   year = {2020},
}
@report{,
   author = {Andrés Rojas},
   title = {Evaluación de un sistema de gestión de conocimiento, para organizaciones BPO que usan inteligencia artificial},
}
@article{,
   author = {Carlos E. Blanco-Valbuena and César A. Bernal-Torres and Fernando Camacho and Miguel Díaz-Olaya},
   doi = {10.4067/S0718-07642018000300015},
   issn = {0718-0764},
   issue = {3},
   journal = {Información tecnológica},
   month = {6},
   pages = {15-28},
   title = {Industrias Creativas y Culturales: Estudio desde el Enfoque de la Gestión del Conocimiento},
   volume = {29},
   year = {2018},
}
@inproceedings{Molnar2019,
   author = {Balint Molnar and Dora Mattyasovszky-Philipp},
   doi = {10.1109/CogInfoCom47531.2019.9089899},
   isbn = {978-1-7281-4793-2},
   journal = {2019 10th IEEE International Conference on Cognitive Infocommunications (CogInfoCom)},
   month = {10},
   pages = {459-462},
   publisher = {IEEE},
   title = {An architectural approach to Cognitive Information System},
   year = {2019},
}
@article{Ogiela2018,
   author = {Lidia Ogiela and Marek R. Ogiela},
   doi = {10.1117/12.2322914},
   editor = {Khan M. Iftekharuddin and Abdul A. S. Awwal and Andrés Márquez and Mireya García Vázquez and Víctor H. Diaz-Ramirez},
   isbn = {9781510620735},
   journal = {Optics and Photonics for Information Processing XII},
   month = {9},
   pages = {46},
   publisher = {SPIE},
   title = {Application of cognitive systems to data sharing in Cloud Computing},
   year = {2018},
}
@inproceedings{Brusakova2020,
   author = {I. A. Brusakova},
   doi = {10.1109/SCM50615.2020.9198750},
   isbn = {978-1-7281-9692-3},
   journal = {2020 XXIII International Conference on Soft Computing and Measurements (SCM)},
   month = {5},
   pages = {259-261},
   publisher = {IEEE},
   title = {Metrics for Cognitive Management of IT Services},
   year = {2020},
}
@book_section{Shwartz2019,
   author = {Larisa Shwartz and Jinho Hwang and Hagen Völzer and Michael Nidd and Murilo Goncalves Aguiar and Marcos Vinicius Landivar Paraiso and Letusa Valero},
   doi = {10.1007/978-3-030-17642-6_37},
   pages = {425-429},
   title = {CEA: A Service for Cognitive Event Automation},
   year = {2019},
}
@article{Sheth2019,
   author = {Amit Sheth and Hong Yung Yip and Arun Iyengar and Paul Tepper},
   doi = {10.1109/MIC.2018.2889231},
   issn = {1089-7801},
   issue = {2},
   journal = {IEEE Internet Computing},
   month = {3},
   pages = {6-12},
   title = {Cognitive Services and Intelligent Chatbots: Current Perspectives and Special Issue Introduction},
   volume = {23},
   year = {2019},
}
@web_page{,
   abstract = {Based on verified reviews from real users in the Insight Engines market. Azure Cognitive Search has a rating of 4.3 stars with 32 reviews. IBM Watson Discovery has a rating of 4.4 stars with 83 reviews. See side-by-side comparisons of product capabilities, customer experience, pros and cons, and reviewer demographics to find the best fit for your organization.},
   author = {Gartner Peer Insights},
   journal = {https://www.gartner.com/reviews/market/insight-engines/compare/product/azure-cognitive-search-vs-ibm-watson-discovery},
   month = {6},
   title = {Azure Cognitive Search vs IBM Watson Discovery},
   year = {2022},
}
